@article{parkes05,
  author = "Mainland, G. and Parkes, D. C. and Welsh, M.",
  title  = "Decentralized, {A}daptive {R}esource {A}llocation for {S}ensor {N}etworks",
  year   = "2005",
  journal= "Proceedings of the 2nd conference on Symposium on Networked Systems Design & Implementation",
  volume = "2",
  pages  = "315--328"
}

%Mainland, G., Parkes, D. C., & Welsh, M.. 2005. Decentralized, adaptive resource allocation for sensor networks. In Proceedings of the 2nd conference on Symposium on Networked Systems Design & Implementation-Volume 2 (May. 2005), 315-328. USENIX Association.

@article{hill00,
  author = "Jason Hill and Robert Szewczyk and Alec Woo and Seth Hollar and David Culler and Kristofer Pister",
  title  = "System {A}rchitecture {D}irections for {N}etwork {S}ensors",
  year   = "2000",
  journal= "Conference on Architectural Support for Programming Languages and Operating Systems (ASPLOS)",
}

%Jason Hill, Robert Szewczyk, Alec Woo, Seth Hollar, David Culler, Kristofer Pister System architecture directions for network sensors ASPLOS 2000, Cambridge, November 2000.

@article{eswaran05,
  author = "A. Eswaran and A. Rowe and R. Rajkumar",
  title  = "Nano-{R}{K}: {A}n {E}nergy-{A}ware {R}esource-{C}entric {O}perating {S}ystem for {S}ensor {N}etworks",
  year   = "2005",
  journal= "IEEE Real-Time Systems Symposium",
}

% A. Eswaran, A. Rowe and R. Rajkumar. 2005. Nano-RK: An Energy-Aware Resource-Centric Operating System for Sensor Networks (December 2005) IEEE Real-Time Systems Symposium.

@article{zuberi99,
  author = "Zuberi, {K. M.} and Pillai, P. and Sin, {K. G.}",
  title  = "EMERALDS: {A} small-memory real-time microkernel.",
  year   = "1999",
  journal= "In Proceedings of the 17th ACM Symposium on Operating System Principles ACM Press",
  pages  = "277--291"
}

%[4] Zuberi, K. M., Pillai, P., and Sin, K. G. EMERALDS: A small-memory real-time microkernel. In Proceedings of the 17th ACM Symposium on Operating System Principles ACM Press, pp. 277291. June 1999

@article{dunkels11,
  author = "Dunkels, A. and Schmidt, O. and Finne, N. and Eriksson, J. and Österlind, F. and Tsiftes, N. and Durvy, M.",
  title  = "The Contiki OS: The Operating System for the Internet of Things.",
  year   = "2011",
  journal= "Unpublished"
}

%[5] Dunkels, A., Schmidt, O., Finne, N., Eriksson, J., Österlind, F., Tsiftes, N., & Durvy, M. (2011). The Contiki OS: The Operating System for the Internet of Things.

@misc{attinyds,
  author = "Atmel Inc.",
  title  = "ATTiny25/45/85 Complete Datasheet",
  url    = "http://www.atmel.com/Images/Atmel-2586-AVR-8-bit-Microcontroller-ATtiny25-ATtiny45-ATtiny85_Datasheet.pdf"
}

%[6] ATTiny25/45/85 Complete Datasheet. http://www.atmel.com/Images/Atmel-2586-AVR-8-bit-Microcontroller-ATtiny25-ATtiny45-ATtiny85_Datasheet.pdf

@misc{cc2500ds,
  author = "Texas Instruments Inc.",
  title = "CC2500 Datasheet"
}

% CC2500 Datasheet http://www.ti.com/lit/ds/swrs040c/swrs040c.pdf
